<?xml version="1.0" encoding="UTF-8"?><collection xmlns="http://www.loc.gov/MARC21/slim"><record><leader>00551nam--2200181-i-4500</leader><controlfield tag="001">000011975</controlfield><controlfield tag="002">20161230</controlfield><controlfield tag="005">20161230201029</controlfield><controlfield tag="008">060222s1000------------r-----000-0-fre-d</controlfield><datafield ind1=" " ind2=" " tag="040"><subfield code="a">IFIN-HH</subfield></datafield><datafield ind1=" " ind2=" " tag="041"><subfield code="a">fre</subfield></datafield><datafield ind1=" " ind2=" " tag="080"><subfield code="a">621.039:623.454.8</subfield></datafield><datafield ind1="1" ind2=" " tag="100"><subfield code="a">Blackett, P.H.S</subfield></datafield><datafield ind1="1" ind2="0" tag="245"><subfield code="a">Les consequences militaires et politiques de l'energie atomique</subfield><subfield code="b">Traduit de l'englais. avant-propos de edmond bauer</subfield><subfield code="c">P.h.s. blackett</subfield></datafield><datafield ind1=" " ind2=" " tag="260"><subfield code="a">Paris</subfield><subfield code="b">Editions Albin Michel</subfield><subfield code="c">1949</subfield></datafield><datafield ind1=" " ind2=" " tag="300"><subfield code="a">XIV + 303P</subfield></datafield><datafield ind1=" " ind2=" " tag="852"><subfield code="a">21585</subfield><subfield code="c">H.H</subfield></datafield><datafield ind1=" " ind2=" " tag="CAT"><subfield code="a">Sys</subfield><subfield code="c">20130328</subfield><subfield code="h">162410</subfield></datafield></record></collection>